%
% Thanks to Gray Chen
% http://notesofaprogrammer.blogspot.com/2014/11/bibtex-entries-for-ietf-rfcs-and.html
% https://tools.ietf.org/html/draft-carpenter-rfc-citation-recs-01#section-5.2 .
% 
% Thanks to Nelson H. F. Beebe, University of Utah, Department of Mathematics, Salt Lake City, UT
% http://www.math.utah.edu/~beebe/
%
% Thanks to JMR, https://w3c-biblio.syronex.com/w3cbib
% 
@techreport{RFC0524,
  author = {J.E. White},
  title = {Proposed Mail Protocol},
  howpublished = {Internet Requests for Comments},
  type = {RFC},
  number = {524},
  year = {1973},
  month = {June},
  issn = {2070-1721},
  publisher = {RFC Editor},
  institution = {RFC Editor},
  bibsource   = "http://notesofaprogrammer.blogspot.com/2014/11/bibtex-entries-for-ietf-rfcs-and.html"
}
@techreport{RFC0561,
  author = {A.K. Bhushan and K.T. Pogran and R.S. Tomlinson and J.E. White},
  title = {Standardizing Network Mail Headers},
  howpublished = {Internet Requests for Comments},
  type = {RFC},
  number = {561},
  year = {1973},
  month = {September},
  issn = {2070-1721},
  publisher = {RFC Editor},
  institution = {RFC Editor},
  bibsource   = "http://notesofaprogrammer.blogspot.com/2014/11/bibtex-entries-for-ietf-rfcs-and.html"
}
@techreport{RFC0680,
  author = {T.H. Myer and D.A. Henderson},
  title = {Message Transmission Protocol},
  howpublished = {Internet Requests for Comments},
  type = {RFC},
  number = {680},
  year = {1975},
  month = {April},
  issn = {2070-1721},
  publisher = {RFC Editor},
  institution = {RFC Editor},
  bibsource   = "http://notesofaprogrammer.blogspot.com/2014/11/bibtex-entries-for-ietf-rfcs-and.html"
}
@techreport{RFC0822,
  author = {D. Crocker},
  title = {STANDARD FOR THE FORMAT OF ARPA INTERNET TEXT MESSAGES},
  howpublished = {Internet Requests for Comments},
  type = {STD},
  number = {11},
  year = {1982},
  month = {August},
  issn = {2070-1721},
  publisher = {RFC Editor},
  institution = {RFC Editor},
  bibsource   = "http://notesofaprogrammer.blogspot.com/2014/11/bibtex-entries-for-ietf-rfcs-and.html"
}
@techreport{RFC6657,
  author = {A. Melnikov and J. Reschke},
  title = {Update to {MIME} regarding "charset" Parameter Handling in Textual Media Types},
  howpublished = {Internet Requests for Comments},
  type = {RFC},
  number = {6657},
  year = {2012},
  month = {July},
  issn = {2070-1721},
  publisher = {RFC Editor},
  institution = {RFC Editor},
  bibsource   = "http://notesofaprogrammer.blogspot.com/2014/11/bibtex-entries-for-ietf-rfcs-and.html"
}
@techreport{RFC2231,
  author = {N. Freed and K. Moore},
  title = {{MIME} Parameter Value and Encoded Word Extensions: Character Sets, Languages, and Continuations},
  howpublished = {Internet Requests for Comments},
  type = {RFC},
  number = {2231},
  year = {1997},
  month = {November},
  issn = {2070-1721},
  publisher = {RFC Editor},
  institution = {RFC Editor},
  bibsource   = "http://notesofaprogrammer.blogspot.com/2014/11/bibtex-entries-for-ietf-rfcs-and.html"
}
@techreport{RFC2045,
  author = {Ned Freed and Nathaniel S. Borenstein},
  title = {Multipurpose Internet Mail Extensions ({MIME}) Part One: Format of Internet Message Bodies},
  howpublished = {Internet Requests for Comments},
  type = {RFC},
  number = {2045},
  year = {1996},
  month = {November},
  issn = {2070-1721},
  publisher = {RFC Editor},
  institution = {RFC Editor},
  bibsource   = "http://notesofaprogrammer.blogspot.com/2014/11/bibtex-entries-for-ietf-rfcs-and.html"
}
@techreport{RFC2046,
  author = {Ned Freed and Nathaniel S. Borenstein},
  title = {Multipurpose Internet Mail Extensions ({MIME}) Part Two: Media Types},
  howpublished = {Internet Requests for Comments},
  type = {RFC},
  number = {2046},
  year = {1996},
  month = {November},
  issn = {2070-1721},
  publisher = {RFC Editor},
  institution = {RFC Editor},
  bibsource   = "http://notesofaprogrammer.blogspot.com/2014/11/bibtex-entries-for-ietf-rfcs-and.html"
}
@techreport{RFC2049,
  author = {Ned Freed and Nathaniel S. Borenstein},
  title = {Multipurpose Internet Mail Extensions ({MIME}) Part Five: Conformance Criteria and Examples},
  howpublished = {Internet Requests for Comments},
  type = {RFC},
  number = {2049},
  year = {1996},
  month = {November},
  issn = {2070-1721},
  publisher = {RFC Editor},
  institution = {RFC Editor},
  bibsource   = "http://notesofaprogrammer.blogspot.com/2014/11/bibtex-entries-for-ietf-rfcs-and.html"
}
@techreport{RFC3676,
  author = {R. Gellens},
  title = {The Text/Plain Format and DelSp Parameters},
  howpublished = {Internet Requests for Comments},
  type = {RFC},
  number = {3676},
  year = {2004},
  month = {February},
  issn = {2070-1721},
  publisher = {RFC Editor},
  institution = {RFC Editor},
  bibsource   = "http://notesofaprogrammer.blogspot.com/2014/11/bibtex-entries-for-ietf-rfcs-and.html"
}
@techreport{X400,
  author = {{International Telecommunication Union}},
  howpublished = {ITU-T Recommendation},
  title = {Message handling system and service overview},
  uri = {https://www.itu.int/rec/T-REC-X.400/en},
  type = {ITU-T},
  number = {X.400},
  month = {June},
  year = {1999},
  bibsource   = "http://notesofaprogrammer.blogspot.com/2014/11/bibtex-entries-for-ietf-rfcs-and.html"
}
@techreport{RFC4838,
  title = {{Delay-Tolerant Networking Architecture}},
  author = {Cerf, V. and Burleigh, S. and Hooke, A. and Torgerson, L. and Durst, R. and Scott, K. and Fall, K. and Weiss, H.},
  type = {RFC},
  number = {4838},
  institution = {IETF},
  month = apr,
  year = 2007
}
@techreport{RFC5050,
  author = {K. Scott and S. Burleigh},
  title = {Bundle Protocol Specification},
  howpublished = {Internet Requests for Comments},
  type = {RFC},
  number = {5050},
  year = {2007},
  month = {November},
  issn = {2070-1721},
  publisher = {RFC Editor},
  institution = {RFC Editor},
  bibsource   = "http://notesofaprogrammer.blogspot.com/2014/11/bibtex-entries-for-ietf-rfcs-and.html"
}
@techreport{RFC6257,
  author = {S. Symington and S. Farrell and H. Weiss and P. Lovell},
  title = {Bundle Security Protocol Specification},
  howpublished = {Internet Requests for Comments},
  type = {RFC},
  number = {6257},
  year = {2011},
  month = {May},
  issn = {2070-1721},
  publisher = {RFC Editor},
  institution = {RFC Editor},
  url = {http://www.rfc-editor.org/rfc/rfc6257.txt},
  note = {\url{http://www.rfc-editor.org/rfc/rfc6257.txt}},
  bibsource   = "http://notesofaprogrammer.blogspot.com/2014/11/bibtex-entries-for-ietf-rfcs-and.html"
}
@techreport{RFC6257,
  author = {S. Symington and S. Farrell and H. Weiss and P. Lovell},
  title = {Bundle Security Protocol Specification},
  howpublished = {Internet Requests for Comments},
  type = {RFC},
  number = {6257},
  year = {2011},
  month = {May},
  issn = {2070-1721},
  publisher = {RFC Editor},
  institution = {RFC Editor}
}
@techreport{ROTI,
  author = {J. Pritchard},
  title = {Introducing radiant object theory},
  howpublished = {https://github.com/syntelos/lang/papers},
  number = {20201212},
  month = {December},
  day = {12},
  year = {2020},
  institution = {Syntelos}
}
@techreport{ROTY,
  author = {J. Pritchard},
  title = {Radiant object topology},
  howpublished = {https://github.com/syntelos/lang/papers},
  number = {20201213},
  month = {December},
  day = {13},
  year = {2020},
  institution = {Syntelos}
}
@techreport{ROTA,
  author = {J. Pritchard},
  title = {Radiant object applications},
  howpublished = {https://github.com/syntelos/lang/papers},
  number = {20201214},
  month = {December},
  day = {14},
  year = {2020},
  institution = {Syntelos}
}
@techreport{ROTC,
  author = {J. Pritchard},
  title = {Radiant object continuity},
  howpublished = {https://github.com/syntelos/lang/papers},
  number = {20201215},
  month = {December},
  day = {15},
  year = {2020},
  institution = {Syntelos}
}
@techreport{ROTS,
  author = {J. Pritchard},
  title = {Radiant object security},
  howpublished = {https://github.com/syntelos/lang/papers},
  number = {20201217},
  month = {December},
  day = {17},
  year = {2020},
  institution = {Syntelos}
}
@techreport{ROTN,
  author = {J. Pritchard},
  title = {Radiant object integrity},
  howpublished = {https://github.com/syntelos/lang/papers},
  number = {20201218},
  month = {December},
  day = {18},
  year = {2020},
  institution = {Syntelos}
}
@techreport{RFC2616,
  author = {R. Fielding and J. Gettys and J. Mogul and H. Frystyk and L. Masinter and P. Leach and T. Berners-Lee},
  title = {Hypertext Transfer Protocol -- {HTTP}/1.1},
  howpublished = {Internet Requests for Comments},
  type = {RFC},
  number = {2616},
  year = {1999},
  month = {June},
  bibsource   = "http://notesofaprogrammer.blogspot.com/2014/11/bibtex-entries-for-ietf-rfcs-and.html",
  publisher = {RFC Editor},
  institution = {RFC Editor}
}
@TechReport{SVG,
  author      = "Dean Jackson and Craig Northway",
  title       = "Scalable Vector Graphics ({SVG}) Full {1.2} Specification",
  month       = apr,
  note        = "https://www.w3.org/TR/2005/WD-SVG12-20050413/",
  year        = "2005",
  bibsource   = "https://w2.syronex.com/jmr/w3c-biblio",
  type        = "{WD} not longer in development",
  institution = "W3C",
}
@TechReport{HTML,
  author      = "Dave Raggett and Ian Jacobs and Arnaud Le Hors",
  title       = "{HTML} 4.0 Recommendation",
  month       = apr,
  note        = "https://www.w3.org/TR/1998/REC-html40-19980424/",
  year        = "1998",
  bibsource   = "https://w2.syronex.com/jmr/w3c-biblio",
  type        = "{W3C} Recommendation",
  institution = "W3C",
}
@Book{JS,
  author =       "{ISO}",
  title =        "{ISO\slash IEC 16262:1998}: {Information} technology
                 --- {ECMAScript} language specification",
  publisher =    {International Organization for Standardization},
  address =      {Geneva, Switzerland},
  pages =        "98",
  year =         "1998",
  bibsource =    "http://www.math.utah.edu/pub/tex/bib/isostd.bib"
}
