%
% See http://ftp.math.utah.edu/pub/tex/bib/
%
