%
% Thanks to Gray Chen
% http://notesofaprogrammer.blogspot.com/2014/11/bibtex-entries-for-ietf-rfcs-and.html
% https://tools.ietf.org/html/draft-carpenter-rfc-citation-recs-01#section-5.2 .
%
@techreport{RFC0524,
  author = {J.E. White},
  title = {Proposed Mail Protocol},
  howpublished = {Internet Requests for Comments},
  type = {RFC},
  number = {524},
  year = {1973},
  month = {June},
  issn = {2070-1721},
  publisher = {RFC Editor},
  institution = {RFC Editor},
}
@techreport{RFC0561,
  author = {A.K. Bhushan and K.T. Pogran and R.S. Tomlinson and J.E. White},
  title = {Standardizing Network Mail Headers},
  howpublished = {Internet Requests for Comments},
  type = {RFC},
  number = {561},
  year = {1973},
  month = {September},
  issn = {2070-1721},
  publisher = {RFC Editor},
  institution = {RFC Editor},
}
@techreport{RFC0680,
  author = {T.H. Myer and D.A. Henderson},
  title = {Message Transmission Protocol},
  howpublished = {Internet Requests for Comments},
  type = {RFC},
  number = {680},
  year = {1975},
  month = {April},
  issn = {2070-1721},
  publisher = {RFC Editor},
  institution = {RFC Editor},
}
@techreport{RFC0822,
  author = {D. Crocker},
  title = {STANDARD FOR THE FORMAT OF ARPA INTERNET TEXT MESSAGES},
  howpublished = {Internet Requests for Comments},
  type = {STD},
  number = {11},
  year = {1982},
  month = {August},
  issn = {2070-1721},
  publisher = {RFC Editor},
  institution = {RFC Editor},
}
@techreport{RFC6657,
  author = {A. Melnikov and J. Reschke},
  title = {Update to MIME regarding "charset" Parameter Handling in Textual Media Types},
  howpublished = {Internet Requests for Comments},
  type = {RFC},
  number = {6657},
  year = {2012},
  month = {July},
  issn = {2070-1721},
  publisher = {RFC Editor},
  institution = {RFC Editor},
}
@techreport{RFC2231,
  author = {N. Freed and K. Moore},
  title = {MIME Parameter Value and Encoded Word Extensions: Character Sets, Languages, and Continuations},
  howpublished = {Internet Requests for Comments},
  type = {RFC},
  number = {2231},
  year = {1997},
  month = {November},
  issn = {2070-1721},
  publisher = {RFC Editor},
  institution = {RFC Editor},
}
@techreport{RFC2045,
  author = {Ned Freed and Nathaniel S. Borenstein},
  title = {Multipurpose Internet Mail Extensions (MIME) Part One: Format of Internet Message Bodies},
  howpublished = {Internet Requests for Comments},
  type = {RFC},
  number = {2045},
  year = {1996},
  month = {November},
  issn = {2070-1721},
  publisher = {RFC Editor},
  institution = {RFC Editor}
}
@techreport{RFC2046,
  author = {Ned Freed and Nathaniel S. Borenstein},
  title = {Multipurpose Internet Mail Extensions (MIME) Part Two: Media Types},
  howpublished = {Internet Requests for Comments},
  type = {RFC},
  number = {2046},
  year = {1996},
  month = {November},
  issn = {2070-1721},
  publisher = {RFC Editor},
  institution = {RFC Editor}
}
@techreport{RFC2049,
  author = {Ned Freed and Nathaniel S. Borenstein},
  title = {Multipurpose Internet Mail Extensions (MIME) Part Five: Conformance Criteria and Examples},
  howpublished = {Internet Requests for Comments},
  type = {RFC},
  number = {2049},
  year = {1996},
  month = {November},
  issn = {2070-1721},
  publisher = {RFC Editor},
  institution = {RFC Editor}
}
@techreport{RFC3676,
  author = {R. Gellens},
  title = {The Text/Plain Format and DelSp Parameters},
  howpublished = {Internet Requests for Comments},
  type = {RFC},
  number = {3676},
  year = {2004},
  month = {February},
  issn = {2070-1721},
  publisher = {RFC Editor},
  institution = {RFC Editor},
}
@techreport{X400,
  author = {{International Telecommunication Union}},
  howpublished = {ITU-T Recommendation},
  title = {Message handling system and service overview},
  uri = {https://www.itu.int/rec/T-REC-X.400/en},
  type = {ITU-T},
  number = {X.400},
  month = {June},
  year = {1999}
}
@techreport{RFC5050,
  author = {K. Scott and S. Burleigh},
  title = {Bundle Protocol Specification},
  howpublished = {Internet Requests for Comments},
  type = {RFC},
  number = {5050},
  year = {2007},
  month = {November},
  issn = {2070-1721},
  publisher = {RFC Editor},
  institution = {RFC Editor}
}
@techreport{RFC6257,
  author = {S. Symington and S. Farrell and H. Weiss and P. Lovell},
  title = {Bundle Security Protocol Specification},
  howpublished = {Internet Requests for Comments},
  type = {RFC},
  number = {6257},
  year = {2011},
  month = {May},
  issn = {2070-1721},
  publisher = {RFC Editor},
  institution = {RFC Editor},
  url = {http://www.rfc-editor.org/rfc/rfc6257.txt},
  note = {\url{http://www.rfc-editor.org/rfc/rfc6257.txt}},
}
@techreport{RFC6257,
  author = {S. Symington and S. Farrell and H. Weiss and P. Lovell},
  title = {Bundle Security Protocol Specification},
  howpublished = {Internet Requests for Comments},
  type = {RFC},
  number = {6257},
  year = {2011},
  month = {May},
  issn = {2070-1721},
  publisher = {RFC Editor},
  institution = {RFC Editor}
}
@techreport{ROTI,
  author = {J. Pritchard},
  title = {Introducing radiant object theory},
  howpublished = {github.com/syntelos/lang/papers},
  month = {December},
  year = {2020},
  institution = {Syntelos}
}
